@article{parikh1980adaptive,
  title={An adaptive lattice algorithm for recursive filters},
  author={Parikh, D and Ahmed, N and Stearns, SDSD},
  journal={Acoustics, Speech and Signal Processing, IEEE Transactions on},
  volume={28},
  number={1},
  pages={110--111},
  year={1980},
  publisher={IEEE}
}

@article{nlpLitReview,
  title={Natural language processing: state of the art, current trends and challenges},
  author={Khurana1, D and Koli, A and Khatter, K and Singh, S},
  journal={Multimedia Tools and Applications},
  volume={82},
  issue={3},
  pages={3713--3744},
  year={2022}
}